<record><leader>00000cas a2200000 a 4500</leader><controlfield tag="001">34991268</controlfield><controlfield tag="008">960626d19611992caucr ne      0    0eng c</controlfield><datafield ind1=" " ind2=" " tag="010"><subfield code="a">sn 96064321 </subfield></datafield><datafield ind1=" " ind2=" " tag="040"><subfield code="a">CNK</subfield><subfield code="b">eng</subfield><subfield code="c">CNK</subfield><subfield code="d">OCLCQ</subfield><subfield code="d">OCLCF</subfield><subfield code="d">OCLCO</subfield></datafield><datafield ind1="1" ind2=" " tag="029"><subfield code="a">AU@</subfield><subfield code="b">000012570408</subfield></datafield><datafield ind1=" " ind2=" " tag="042"><subfield code="a">pcc</subfield></datafield><datafield ind1=" " ind2=" " tag="043"><subfield code="a">n-us-ca</subfield></datafield><datafield ind1="0" ind2="0" tag="245"><subfield code="a">Arcadia tribune.</subfield></datafield><datafield ind1=" " ind2=" " tag="260"><subfield code="a">Arcadia, Calif. :</subfield><subfield code="b">Arcadia Pub. Co.</subfield></datafield><datafield ind1=" " ind2=" " tag="300"><subfield code="a">v.</subfield></datafield><datafield ind1=" " ind2=" " tag="310"><subfield code="a">Semiweekly</subfield></datafield><datafield ind1="0" ind2=" " tag="362"><subfield code="a">Vol. 34, no. 14 (Mar. 13, 1961)-v. 60, no. 102 [i.e. 103] (Dec. 30, 1990) ; v. 42, no. 102 [i.e. v. 43, no. 1] (Jan. 2, 1991)-v. 44, no. 60 (July 26, 1992).</subfield></datafield><datafield ind1=" " ind2=" " tag="500"><subfield code="a">"A Foothill Inter-City Newspaper."</subfield></datafield><datafield ind1=" " ind2=" " tag="500"><subfield code="a">Publication moved to Duarte, Calif., June 18, 1992.</subfield></datafield><datafield ind1=" " ind2=" " tag="580"><subfield code="a">Merged with: Duartean and the Duarte dispatch; and Monrovia news-post; and Temple City times; to form: Foothill star-tribune.</subfield></datafield><datafield ind1=" " ind2="0" tag="651"><subfield code="a">Arcadia (Calif.)</subfield><subfield code="v">Newspapers.</subfield></datafield><datafield ind1=" " ind2="7" tag="655"><subfield code="a">Newspapers.</subfield><subfield code="2">fast</subfield><subfield code="0">(OCoLC)fst01423814</subfield></datafield><datafield ind1=" " ind2="7" tag="651"><subfield code="a">California</subfield><subfield code="z">Arcadia.</subfield><subfield code="2">fast</subfield><subfield code="0">(OCoLC)fst01216237</subfield></datafield><datafield ind1=" " ind2=" " tag="752"><subfield code="a">United States</subfield><subfield code="b">California</subfield><subfield code="c">Los Angeles</subfield><subfield code="d">Duarte.</subfield></datafield><datafield ind1=" " ind2=" " tag="752"><subfield code="a">United States</subfield><subfield code="b">California</subfield><subfield code="c">Los Angeles</subfield><subfield code="d">Arcadia.</subfield></datafield><datafield ind1="0" ind2="0" tag="780"><subfield code="t">Arcadia tribune and Arcadia news</subfield><subfield code="w">(DLC)sn 98021780</subfield></datafield><datafield ind1="1" ind2="7" tag="785"><subfield code="t">Duartean and the Duarte dispatch</subfield><subfield code="w">(DLC)sn 94051728</subfield></datafield><datafield ind1="1" ind2="7" tag="785"><subfield code="t">Monrovia news-post</subfield><subfield code="w">(DLC)sn 96064507</subfield></datafield><datafield ind1="1" ind2="7" tag="785"><subfield code="t">Temple City times</subfield><subfield code="w">(DLC)sn 79002806</subfield></datafield><datafield ind1="1" ind2="7" tag="785"><subfield code="t">Foothill star-tribune</subfield><subfield code="w">(DLC)sn 97060482</subfield></datafield></record>